@Misc{sharepoint:Online,
	howpublished = { \onlineCite \url{https://support.office.com/en-us/article/What-is-SharePoint-97b915e6-651b-43b2-827d-fb25777f446f}},
	title = {What is SharePoint? - Office Support},
	note = {Accessed December 11, 2016},
}
@Misc{issueDefinition:Online,
	howpublished = { \onlineCite \url{https://confluence.atlassian.com/jira064/what-is-an-issue-720416138.html}},
	title = {What is an Issue},
	note = {Accessed December 11, 2016},
}

@Misc{PermissionsOverview:Online,
	howpublished = { \onlineCite \url{https://confluence.atlassian.com/jirasoftwarecloud/permissions-overview-764478244.html}},
	title = {Permissions overview },
	note = {Accessed December 13, 2016},
}
@Misc{NASA:Online,
	howpublished = { \onlineCite \url{http://summit.atlassian.com/archives/2010/presentations/collaboration-and-projects/confluence-wiki-at-nasa.jsp}},
	title = {Confluence at NASA: Where No Wiki Has Gone Before },
	note = {Accessed December 13, 2016},
}
@Misc{issues:Online,
	howpublished = { \onlineCite \url{https://confluence.atlassian.com/jirakb/crashes-and-performance-issues-troubleshooting-203394749.html}},
	title = {Crashes and Performance Issues Troubleshooting},
	note = {Accessed December 15, 2016},
}
@Misc{JAC:Online,
	howpublished = { \onlineCite \url{https://confluence.atlassian.com/doc/integrating-jira-and-confluence-2825.html}},
	title = {Integrating JIRA and Confluence},
	note = {Accessed December 17, 2016},
}
@Misc{confluence:Online,
	howpublished = { \onlineCite \url{https://confluence.atlassian.com/doc/integrating-jira-and-confluence-2825.html}},
	title = {Advanced and Special Uses of Confluence},
	note = {Accessed December 17, 2016},
}