@article {Service617,
	author = {Service, Robert F.},
	title = {Design for U.S. exascale computer takes shape},
	volume = {359},
	number = {6376},
	pages = {617--618},
	year = {2018},
	doi = {10.1126/science.359.6376.617},
	publisher = {American Association for the Advancement of Science},
	issn = {0036-8075},
	URL = {http://science.sciencemag.org/content/359/6376/617},
	eprint = {http://science.sciencemag.org/content/359/6376/617.full.pdf},
	journal = {Science}
}
